@ARTICLE{D'HUMIERES1985,
  author        = {D{\textquotesingle}HUMIERES, D. and POMEAU, Y. and LALLEMAND, P.},
  title         = {\href{http://pascal-francis.inist.fr/vibad/index.php?action=getRecordDetail&idt=8523902}{Simulation d'allées de Von Karman bidimensionnelles à l'aide d'un gaz sur réseau}},
  journal       = {Comptes rendus de l'Académie des sciences. Série 2, Mécanique, Physique, Chimie, Sciences de l'univers, Sciences de la Terre},
  year          = {1985},
  affiliation   = {Ecole normale supérieure},
  descriptors   = {Allée tourbillon; Ecoulement bidimensionnel; Ecoulement tourbillonnaire; Gaz; Simulation; Théorie cinétique},
  subject       = {Ecoulement rotationnel et vorticité[001B40G32]},
  issn          = {0764-4450},
  language      = {French},
  document_type = {Article},
  inist_number  = {8523902} 
}
  
@article{PhysRevLett.56.1505,
  title     = {\href{https://link.aps.org/doi/10.1103/PhysRevLett.56.1505}{Lattice-Gas Automata for the Navier-Stokes Equation}},
  author    = {Frisch, U. and Hasslacher, B. and Pomeau, Y.},
  journal   = {Phys. Rev. Lett.},
  volume    = {56},
  issue     = {14},
  pages     = {1505--1508},
  numpages  = {0},
  year      = {1986},
  month     = {Apr},
  publisher = {American Physical Society},
  doi       = {10.1103/PhysRevLett.56.1505},
  url       = {https://link.aps.org/doi/10.1103/PhysRevLett.56.1505}
}

@article{d_Humi_res_1986,
  doi       = {10.1209/0295-5075/2/4/006},
  url       = {https://doi.org/10.1209%2F0295-5075%2F2%2F4%2F006},
  year      = 1986,
  month     = {aug},
  publisher = {{IOP} Publishing},
  volume    = {2},
  number    = {4},
  pages     = {291--297},
  author    = {D. d{\textquotesingle}Humi{\`{e}}res and P. Lallemand and U. Frisch},
  title     = {\href{https://doi.org/10.1209%2F0295-5075%2F2%2F4%2F006}{Lattice Gas Models for 3D Hydrodynamics}},
  journal   = {Europhysics Letters ({EPL})},
  abstract   = {The 3D Navier-Stokes equations are obtained from two different lattice gas models. The first one has its sites on a cubic lattice and has particle speeds zero, one and √2. The second one is a 3D projection of a lattice gas implementation of the 4D Navier-Stokes equations, residing on a face-centred hypercubic lattice.}
}


@article{DHUMIERES2009821,
  title   = "\href{http://www.sciencedirect.com/science/article/pii/S0898122109000881}{Dedication to Pierre Lallemand on the occasion of his retirement}",
  journal = "Computers \& Mathematics with Applications",
  volume  = "58",
  number  = "5",
  pages   = "821 - 822",
  year    = "2009",
  note    = "Mesoscopic Methods in Engineering and Science",
  issn    = "0898-1221",
  doi     = "https://doi.org/10.1016/j.camwa.2009.02.007",
  url     = "http://www.sciencedirect.com/science/article/pii/S0898122109000881",
  author  = "Dominique d’Humières and Manfred Krafczyk and Li-Shi Luo and Robert Rubinstein"
}

@misc{ wiki:NS,
  author = "Wikipédia",
  title  = "\href{http://fr.wikipedia.org/w/index.php?title=%C3%89quations_de_Navier-Stokes&oldid=177307389}{Équations de Navier-Stokes --- Wikipédia{,} l'encyclopédie libre}",
  year   = "2020",
  url    = "http://fr.wikipedia.org/w/index.php?title=%C3%89quations_de_Navier-Stokes&oldid=177307389",
  note   = "[En ligne; Page disponible le 5-décembre-2020]"
}

@misc{ wiki:Mil,
  author = "{Wikipedia contributors}",
  title  = "\href{https://en.wikipedia.org/w/index.php?title=Millennium_Prize_Problems&oldid=990184042}{Millennium Prize Problems --- {Wikipedia}{,} The Free Encyclopedia}",
  year   = "2020",
  url    = "https://en.wikipedia.org/w/index.php?title=Millennium_Prize_Problems&oldid=990184042",
  note   = "[Online; accessed 9-December-2020]"
}
  
@article{Hunt1998,
  doi       = {10.1146/annurev.fluid.30.1.0},
  url       = {https://doi.org/10.1146/annurev.fluid.30.1.0},
  year      = {1998},
  month     = jan,
  publisher = {Annual Reviews},
  volume    = {30},
  number    = {1},
  pages     = {xiii--xxxvi},
  author    = {J.C.R. Hunt},
  title     = {\href{https://doi.org/10.1146/annurev.fluid.30.1.0}{LEWIS FRY RICHARDSON AND HIS CONTRIBUTIONS TO MATHEMATICS, METEOROLOGY, AND MODELS OF CONFLICT}},
  journal   = {Annual Review of Fluid Mechanics}
}

@book{plasma,
  title     = {\href{https://books.google.fr/books?id=ZSlJRAeL95sC}{Plasma Physics}},
  author    = {Mart{\'\i}n, P. and Puerta, J.},
  isbn      = {9780792355274},
  pages     = "57",
  lccn      = {98032183},
  url       = {https://books.google.fr/books?id=ZSlJRAeL95sC},
  year      = {1999},
  publisher = {Springer Netherlands}
}

@book{succi2001lattice,
  title     = {\href{https://books.google.fr/books?id=OC0Sj\_xgnhAC}{The Lattice Boltzmann Equation: For Fluid Dynamics and Beyond}},
  author    = {Succi, S.},
  isbn      = {9780198503989},
  lccn      = {2001036220},
  series    = {Numerical Mathematics and Scientific Computation},
  pages     = "33",
  url       = {https://books.google.fr/books?id=OC0Sj\_xgnhAC},
  year      = {2001},
  publisher = {Clarendon Press}
}

@article{REIDER1995459,
  title   = "\href{http://www.sciencedirect.com/science/article/pii/004579309400037Y}{Accuracy of discrete-velocity BGK models for the simulation of the incompressible Navier-Stokes equations}",
  journal = "Computers \& Fluids",
  volume  = "24",
  number  = "4",
  pages   = "459 - 467",
  year    = "1995",
  issn    = "0045-7930",
  doi     = "https://doi.org/10.1016/0045-7930(94)00037-Y",
  url     = "http://www.sciencedirect.com/science/article/pii/004579309400037Y",
  author  = "Marc B. Reider and James D. Sterling",
}

@article{PhysRevE.56.6811,
  title     = {\href{https://link.aps.org/doi/10.1103/PhysRevE.56.6811}{Theory of the lattice Boltzmann method: From the Boltzmann equation to the lattice Boltzmann equation}},
  author    = {He, Xiaoyi and Luo, Li-Shi},
  journal   = {Phys. Rev. E},
  volume    = {56},
  issue     = {6},
  pages     = {6811--6817},
  numpages  = {0},
  year      = {1997},
  month     = {Dec},
  publisher = {American Physical Society},
  doi       = {10.1103/PhysRevE.56.6811},
  url       = {https://link.aps.org/doi/10.1103/PhysRevE.56.6811}
}

@article{Zou_1997,
   title={\href{https://arxiv.org/pdf/comp-gas/9611001.pdf}{On pressure and velocity boundary conditions for the lattice 
   Boltzmann BGK model}},
   volume={9},
   ISSN={1089-7666},
   url={http://dx.doi.org/10.1063/1.869307},
   DOI={10.1063/1.869307},
   number={6},
   journal={Physics of Fluids},
   publisher={AIP Publishing},
   author={Zou, Qisu and He, Xiaoyi},
   year={1997},
   month={Jun},
   pages={1591–1598}
}